<?xml version="1.0" encoding="UTF-8"?>
<OAI-PMH xmlns="http://www.openarchives.org/OAI/2.0/" xmlns:xsi="http://www.w3.org/2001/XMLSchema-instance" xsi:schemaLocation="http://www.openarchives.org/OAI/2.0/ http://www.openarchives.org/OAI/2.0/OAI-PMH.xsd">
  <ListRecords>
    <record>
      <header>
        <identifier>aleph-publish:000017278</identifier>
      </header>
      <metadata>
        <record xmlns="http://www.ddb.de/professionell/mabxml/mabxml-1.xsd">
          <leader>01024vM2.01200024------h</leader>
          <controlfield tag="LDR">01024vM2.01200024------h</controlfield>
          <controlfield tag="FMT">MH</controlfield>
          <datafield tag="001" ind1="-" ind2="1">
            <subfield code="a">HT000084661</subfield>
          </datafield>
          <datafield tag="002" ind1="a" ind2="1">
            <subfield code="a">19931219</subfield>
          </datafield>
          <datafield tag="003" ind1="-" ind2="1">
            <subfield code="a">20090604</subfield>
          </datafield>
          <datafield tag="026" ind1="-" ind2="1">
            <subfield code="a">HBZHT000084661</subfield>
          </datafield>
          <controlfield tag="030">a|1uc||||||37</controlfield>
          <datafield tag="036" ind1="a" ind2="1">
            <subfield code="a">DE</subfield>
          </datafield>
          <datafield tag="037" ind1="b" ind2="1">
            <subfield code="a">ger</subfield>
          </datafield>
          <controlfield tag="050">a|||||||||||||</controlfield>
          <controlfield tag="051">mk||||||</controlfield>
          <datafield tag="070" ind1="-" ind2="1">
            <subfield code="a">6</subfield>
          </datafield>
          <datafield tag="070" ind1="b" ind2="1">
            <subfield code="a">575</subfield>
          </datafield>
          <datafield tag="080" ind1="-" ind2="1">
            <subfield code="a">60</subfield>
          </datafield>
          <datafield tag="100" ind1="b" ind2="1">
            <subfield code="p">Adam, Hermann</subfield>
            <subfield code="d">1948-</subfield>
            <subfield code="9">(DE-588)171945123</subfield>
          </datafield>
          <datafield tag="200" ind1="b" ind2="1">
            <subfield code="e">Hochschulwoche für Politische Bildung</subfield>
            <subfield code="n">18</subfield>
            <subfield code="d">1980</subfield>
            <subfield code="c">Horn-Meinberg</subfield>
            <subfield code="9">(DE-588)2068925-1</subfield>
          </datafield>
          <datafield tag="204" ind1="b" ind2="1">
            <subfield code="k">Landeszentrale für Politische Bildung</subfield>
            <subfield code="h">Düsseldorf</subfield>
            <subfield code="9">(DE-588)1006404-7</subfield>
          </datafield>
          <datafield tag="331" ind1="-" ind2="1">
            <subfield code="a">Demokratie als Teilhabe</subfield>
          </datafield>
          <datafield tag="335" ind1="-" ind2="1">
            <subfield code="a">Chancen der Mitwirkung am demokratischen Prozeß in Staat und Gesellschaft ; XVIII. Hochschulwoche für Politische Bildung, 16. - 22. Oktober 1980</subfield>
          </datafield>
          <datafield tag="359" ind1="-" ind2="1">
            <subfield code="a">hrsg. von der Landeszentrale für Politische Bildung des Landes Nordrhein-Westfalen. Mit Beitr. von: Hermann Adam ...</subfield>
          </datafield>
          <datafield tag="410" ind1="-" ind2="1">
            <subfield code="a">Köln</subfield>
          </datafield>
          <datafield tag="412" ind1="-" ind2="1">
            <subfield code="a">Verl. Wiss. und Politik</subfield>
          </datafield>
          <datafield tag="425" ind1="a" ind2="1">
            <subfield code="a">1981</subfield>
          </datafield>
          <datafield tag="433" ind1="-" ind2="1">
            <subfield code="a">367 S. : graph. Darst.</subfield>
          </datafield>
          <datafield tag="540" ind1="a" ind2="1">
            <subfield code="a">3-8046-8587-0</subfield>
          </datafield>
          <datafield tag="700" ind1="g" ind2="1">
            <subfield code="a">MD 6500</subfield>
          </datafield>
          <datafield tag="700" ind1="g" ind2="1">
            <subfield code="a">MG 15075</subfield>
          </datafield>
          <datafield tag="902" ind1="-" ind2="1">
            <subfield code="s">Politische Beteiligung</subfield>
            <subfield code="9">(DE-588)4076215-4</subfield>
          </datafield>
          <datafield tag="902" ind1="-" ind2="1">
            <subfield code="f">Kongress</subfield>
          </datafield>
          <datafield tag="902" ind1="-" ind2="1">
            <subfield code="g">Horn-Meinberg &lt;1980&gt;</subfield>
          </datafield>
          <datafield tag="907" ind1="-" ind2="1">
            <subfield code="s">Mitbestimmung</subfield>
            <subfield code="9">(DE-588)4126014-4</subfield>
          </datafield>
          <datafield tag="907" ind1="-" ind2="1">
            <subfield code="s">Demokratie</subfield>
            <subfield code="9">(DE-588)4011413-2</subfield>
          </datafield>
          <datafield tag="907" ind1="-" ind2="1">
            <subfield code="f">Kongress</subfield>
          </datafield>
          <datafield tag="907" ind1="-" ind2="1">
            <subfield code="g">Horn-Meinberg &lt;1980&gt;</subfield>
          </datafield>
          <datafield tag="908" ind1="-" ind2="1">
            <subfield code="a">2134</subfield>
          </datafield>
          <controlfield tag="SYS">000017278</controlfield>
          <datafield tag="PSW" ind1="-" ind2="1">
            <subfield code="s">Volksherrschaft</subfield>
            <subfield code="9">(DE-588)4011413-2</subfield>
          </datafield>
          <datafield tag="PSW" ind1="-" ind2="1">
            <subfield code="s">Demokratischer Staat</subfield>
            <subfield code="9">(DE-588)4011413-2</subfield>
          </datafield>
          <datafield tag="PSW" ind1="-" ind2="1">
            <subfield code="s">Democracy</subfield>
            <subfield code="9">(DE-588)4011413-2</subfield>
          </datafield>
          <datafield tag="PSW" ind1="-" ind2="1">
            <subfield code="s">Politische Partizipation</subfield>
            <subfield code="9">(DE-588)4076215-4</subfield>
          </datafield>
          <datafield tag="PSW" ind1="-" ind2="1">
            <subfield code="s">Politische Teilnahme</subfield>
            <subfield code="9">(DE-588)4076215-4</subfield>
          </datafield>
          <datafield tag="PSW" ind1="-" ind2="1">
            <subfield code="s">Arbeitnehmer</subfield>
            <subfield code="x">Mitbestimmung</subfield>
            <subfield code="9">(DE-588)4126014-4</subfield>
          </datafield>
          <datafield tag="PSW" ind1="-" ind2="1">
            <subfield code="s">Arbeitnehmermitbestimmung</subfield>
            <subfield code="9">(DE-588)4126014-4</subfield>
          </datafield>
          <datafield tag="PSW" ind1="-" ind2="1">
            <subfield code="s">Betrieb</subfield>
            <subfield code="x">Mitbestimmung</subfield>
            <subfield code="9">(DE-588)4126014-4</subfield>
          </datafield>
          <datafield tag="PSW" ind1="-" ind2="1">
            <subfield code="s">Betriebliche Mitbestimmung</subfield>
            <subfield code="9">(DE-588)4126014-4</subfield>
          </datafield>
          <datafield tag="PSW" ind1="-" ind2="1">
            <subfield code="s">Paritätische Mitbestimmung</subfield>
            <subfield code="9">(DE-588)4126014-4</subfield>
          </datafield>
          <datafield tag="PSW" ind1="-" ind2="1">
            <subfield code="s">Unternehmen</subfield>
            <subfield code="x">Mitbestimmung</subfield>
            <subfield code="9">(DE-588)4126014-4</subfield>
          </datafield>
          <datafield tag="PSW" ind1="-" ind2="1">
            <subfield code="s">Unternehmensmitbestimmung</subfield>
            <subfield code="9">(DE-588)4126014-4</subfield>
          </datafield>
          <datafield tag="PSW" ind1="-" ind2="1">
            <subfield code="s">Unternehmerische Mitbestimmung</subfield>
            <subfield code="9">(DE-588)4126014-4</subfield>
          </datafield>
          <datafield tag="PSW" ind1="-" ind2="1">
            <subfield code="s">Politische Partizipation</subfield>
            <subfield code="9">(DE-588)4076215-4</subfield>
          </datafield>
          <datafield tag="PSW" ind1="-" ind2="1">
            <subfield code="s">Politische Teilnahme</subfield>
            <subfield code="9">(DE-588)4076215-4</subfield>
          </datafield>
          <datafield tag="PSW" ind1="-" ind2="1">
            <subfield code="s">Arbeitnehmer</subfield>
            <subfield code="x">Mitbestimmung</subfield>
            <subfield code="9">(DE-588)4126014-4</subfield>
          </datafield>
          <datafield tag="PSW" ind1="-" ind2="1">
            <subfield code="s">Arbeitnehmermitbestimmung</subfield>
            <subfield code="9">(DE-588)4126014-4</subfield>
          </datafield>
          <datafield tag="PSW" ind1="-" ind2="1">
            <subfield code="s">Betrieb</subfield>
            <subfield code="x">Mitbestimmung</subfield>
            <subfield code="9">(DE-588)4126014-4</subfield>
          </datafield>
          <datafield tag="PSW" ind1="-" ind2="1">
            <subfield code="s">Betriebliche Mitbestimmung</subfield>
            <subfield code="9">(DE-588)4126014-4</subfield>
          </datafield>
          <datafield tag="PSW" ind1="-" ind2="1">
            <subfield code="s">Paritätische Mitbestimmung</subfield>
            <subfield code="9">(DE-588)4126014-4</subfield>
          </datafield>
          <datafield tag="PSW" ind1="-" ind2="1">
            <subfield code="s">Unternehmen</subfield>
            <subfield code="x">Mitbestimmung</subfield>
            <subfield code="9">(DE-588)4126014-4</subfield>
          </datafield>
          <datafield tag="PSW" ind1="-" ind2="1">
            <subfield code="s">Unternehmensmitbestimmung</subfield>
            <subfield code="9">(DE-588)4126014-4</subfield>
          </datafield>
          <datafield tag="PSW" ind1="-" ind2="1">
            <subfield code="s">Unternehmerische Mitbestimmung</subfield>
            <subfield code="9">(DE-588)4126014-4</subfield>
          </datafield>
          <datafield tag="PSW" ind1="-" ind2="1">
            <subfield code="s">Volksherrschaft</subfield>
            <subfield code="9">(DE-588)4011413-2</subfield>
          </datafield>
          <datafield tag="PSW" ind1="-" ind2="1">
            <subfield code="s">Demokratischer Staat</subfield>
            <subfield code="9">(DE-588)4011413-2</subfield>
          </datafield>
          <datafield tag="PSW" ind1="-" ind2="1">
            <subfield code="s">Democracy</subfield>
            <subfield code="9">(DE-588)4011413-2</subfield>
          </datafield>
          <datafield tag="PKO" ind1="-" ind2="1">
            <subfield code="k">Nordrhein-Westfalen</subfield>
            <subfield code="b">Ministerium für Wissenschaft und Forschung</subfield>
            <subfield code="b">Landeszentrale für Politische Bildung</subfield>
            <subfield code="9">(DE-588)1006404-7</subfield>
          </datafield>
          <datafield tag="PKO" ind1="-" ind2="1">
            <subfield code="k">Landeszentrale für Politische Bildung NRW</subfield>
            <subfield code="h">Düsseldorf</subfield>
            <subfield code="9">(DE-588)1006404-7</subfield>
          </datafield>
          <datafield tag="PKO" ind1="-" ind2="1">
            <subfield code="k">Landeszentrale für Politische Bildung Nordrhein-Westfalen</subfield>
            <subfield code="h">Düsseldorf</subfield>
            <subfield code="9">(DE-588)1006404-7</subfield>
          </datafield>
          <datafield tag="PKO" ind1="-" ind2="1">
            <subfield code="k">Nordrhein-Westfalen</subfield>
            <subfield code="b">Ministerpräsident</subfield>
            <subfield code="b">Landeszentrale für Politische Bildung</subfield>
            <subfield code="9">(DE-588)1006404-7</subfield>
          </datafield>
          <datafield tag="PKO" ind1="-" ind2="1">
            <subfield code="k">LZNW</subfield>
            <subfield code="9">(DE-588)1006404-7</subfield>
          </datafield>
          <datafield tag="PKO" ind1="-" ind2="1">
            <subfield code="k">Landeszentrale für Politische Bildung des Landes Nordrhein-Westfalen</subfield>
            <subfield code="h">Düsseldorf</subfield>
            <subfield code="9">(DE-588)1006404-7</subfield>
          </datafield>
          <datafield tag="PKO" ind1="-" ind2="1">
            <subfield code="k">Nordrhein-Westfalen</subfield>
            <subfield code="b">Landeszentrale für Politische Bildung</subfield>
            <subfield code="9">(DE-588)1006404-7</subfield>
          </datafield>
          <datafield tag="PKO" ind1="-" ind2="1">
            <subfield code="k">Nordrhein-Westfalen</subfield>
            <subfield code="b">Ministerium für Wissenschaft und Forschung</subfield>
            <subfield code="b">Landeszentrale für Politische Bildung</subfield>
            <subfield code="9">(DE-588)1006404-7</subfield>
          </datafield>
          <datafield tag="PKO" ind1="-" ind2="1">
            <subfield code="k">Landeszentrale für Politische Bildung NRW</subfield>
            <subfield code="h">Düsseldorf</subfield>
            <subfield code="9">(DE-588)1006404-7</subfield>
          </datafield>
          <datafield tag="PKO" ind1="-" ind2="1">
            <subfield code="k">Landeszentrale für Politische Bildung Nordrhein-Westfalen</subfield>
            <subfield code="h">Düsseldorf</subfield>
            <subfield code="9">(DE-588)1006404-7</subfield>
          </datafield>
          <datafield tag="PKO" ind1="-" ind2="1">
            <subfield code="k">Nordrhein-Westfalen</subfield>
            <subfield code="b">Ministerpräsident</subfield>
            <subfield code="b">Landeszentrale für Politische Bildung</subfield>
            <subfield code="9">(DE-588)1006404-7</subfield>
          </datafield>
          <datafield tag="PKO" ind1="-" ind2="1">
            <subfield code="k">LZNW</subfield>
            <subfield code="9">(DE-588)1006404-7</subfield>
          </datafield>
          <datafield tag="PKO" ind1="-" ind2="1">
            <subfield code="k">Landeszentrale für Politische Bildung des Landes Nordrhein-Westfalen</subfield>
            <subfield code="h">Düsseldorf</subfield>
            <subfield code="9">(DE-588)1006404-7</subfield>
          </datafield>
          <datafield tag="PKO" ind1="-" ind2="1">
            <subfield code="k">Nordrhein-Westfalen</subfield>
            <subfield code="b">Landeszentrale für Politische Bildung</subfield>
            <subfield code="9">(DE-588)1006404-7</subfield>
          </datafield>
          <datafield tag="PKO" ind1="-" ind2="1">
            <subfield code="k">Nordrhein-Westfalen</subfield>
            <subfield code="b">Ministerium für Wissenschaft und Forschung</subfield>
            <subfield code="b">Landeszentrale für Politische Bildung</subfield>
            <subfield code="9">(DE-588)1006404-7</subfield>
          </datafield>
          <datafield tag="PKO" ind1="-" ind2="1">
            <subfield code="k">Landeszentrale für Politische Bildung NRW</subfield>
            <subfield code="h">Düsseldorf</subfield>
            <subfield code="9">(DE-588)1006404-7</subfield>
          </datafield>
          <datafield tag="PKO" ind1="-" ind2="1">
            <subfield code="k">Landeszentrale für Politische Bildung Nordrhein-Westfalen</subfield>
            <subfield code="h">Düsseldorf</subfield>
            <subfield code="9">(DE-588)1006404-7</subfield>
          </datafield>
          <datafield tag="PKO" ind1="-" ind2="1">
            <subfield code="k">Nordrhein-Westfalen</subfield>
            <subfield code="b">Ministerpräsident</subfield>
            <subfield code="b">Landeszentrale für Politische Bildung</subfield>
            <subfield code="9">(DE-588)1006404-7</subfield>
          </datafield>
          <datafield tag="PKO" ind1="-" ind2="1">
            <subfield code="k">LZNW</subfield>
            <subfield code="9">(DE-588)1006404-7</subfield>
          </datafield>
          <datafield tag="PKO" ind1="-" ind2="1">
            <subfield code="k">Landeszentrale für Politische Bildung des Landes Nordrhein-Westfalen</subfield>
            <subfield code="h">Düsseldorf</subfield>
            <subfield code="9">(DE-588)1006404-7</subfield>
          </datafield>
          <datafield tag="PKO" ind1="-" ind2="1">
            <subfield code="k">Nordrhein-Westfalen</subfield>
            <subfield code="b">Landeszentrale für Politische Bildung</subfield>
            <subfield code="9">(DE-588)1006404-7</subfield>
          </datafield>
          <datafield tag="PKO" ind1="-" ind2="1">
            <subfield code="k">Nordrhein-Westfalen</subfield>
            <subfield code="b">Ministerium für Wissenschaft und Forschung</subfield>
            <subfield code="b">Landeszentrale für Politische Bildung</subfield>
            <subfield code="9">(DE-588)1006404-7</subfield>
          </datafield>
          <datafield tag="PKO" ind1="-" ind2="1">
            <subfield code="k">Landeszentrale für Politische Bildung NRW</subfield>
            <subfield code="h">Düsseldorf</subfield>
            <subfield code="9">(DE-588)1006404-7</subfield>
          </datafield>
          <datafield tag="PKO" ind1="-" ind2="1">
            <subfield code="k">Landeszentrale für Politische Bildung Nordrhein-Westfalen</subfield>
            <subfield code="h">Düsseldorf</subfield>
            <subfield code="9">(DE-588)1006404-7</subfield>
          </datafield>
          <datafield tag="PKO" ind1="-" ind2="1">
            <subfield code="k">Nordrhein-Westfalen</subfield>
            <subfield code="b">Ministerpräsident</subfield>
            <subfield code="b">Landeszentrale für Politische Bildung</subfield>
            <subfield code="9">(DE-588)1006404-7</subfield>
          </datafield>
          <datafield tag="PKO" ind1="-" ind2="1">
            <subfield code="k">LZNW</subfield>
            <subfield code="9">(DE-588)1006404-7</subfield>
          </datafield>
          <datafield tag="PKO" ind1="-" ind2="1">
            <subfield code="k">Landeszentrale für Politische Bildung des Landes Nordrhein-Westfalen</subfield>
            <subfield code="h">Düsseldorf</subfield>
            <subfield code="9">(DE-588)1006404-7</subfield>
          </datafield>
          <datafield tag="PKO" ind1="-" ind2="1">
            <subfield code="k">Nordrhein-Westfalen</subfield>
            <subfield code="b">Landeszentrale für Politische Bildung</subfield>
            <subfield code="9">(DE-588)1006404-7</subfield>
          </datafield>
          <datafield tag="PKO" ind1="-" ind2="1">
            <subfield code="k">Nordrhein-Westfalen</subfield>
            <subfield code="b">Ministerium für Wissenschaft und Forschung</subfield>
            <subfield code="b">Landeszentrale für Politische Bildung</subfield>
            <subfield code="9">(DE-588)1006404-7</subfield>
          </datafield>
          <datafield tag="PKO" ind1="-" ind2="1">
            <subfield code="k">Landeszentrale für Politische Bildung NRW</subfield>
            <subfield code="h">Düsseldorf</subfield>
            <subfield code="9">(DE-588)1006404-7</subfield>
          </datafield>
          <datafield tag="PKO" ind1="-" ind2="1">
            <subfield code="k">Landeszentrale für Politische Bildung Nordrhein-Westfalen</subfield>
            <subfield code="h">Düsseldorf</subfield>
            <subfield code="9">(DE-588)1006404-7</subfield>
          </datafield>
          <datafield tag="PKO" ind1="-" ind2="1">
            <subfield code="k">Nordrhein-Westfalen</subfield>
            <subfield code="b">Ministerpräsident</subfield>
            <subfield code="b">Landeszentrale für Politische Bildung</subfield>
            <subfield code="9">(DE-588)1006404-7</subfield>
          </datafield>
          <datafield tag="PKO" ind1="-" ind2="1">
            <subfield code="k">LZNW</subfield>
            <subfield code="9">(DE-588)1006404-7</subfield>
          </datafield>
          <datafield tag="PKO" ind1="-" ind2="1">
            <subfield code="k">Landeszentrale für Politische Bildung des Landes Nordrhein-Westfalen</subfield>
            <subfield code="h">Düsseldorf</subfield>
            <subfield code="9">(DE-588)1006404-7</subfield>
          </datafield>
          <datafield tag="PKO" ind1="-" ind2="1">
            <subfield code="k">Nordrhein-Westfalen</subfield>
            <subfield code="b">Landeszentrale für Politische Bildung</subfield>
            <subfield code="9">(DE-588)1006404-7</subfield>
          </datafield>
          <datafield tag="PSW" ind1="-" ind2="1">
            <subfield code="s">Politische Partizipation</subfield>
            <subfield code="9">(DE-588)4076215-4</subfield>
          </datafield>
          <datafield tag="PSW" ind1="-" ind2="1">
            <subfield code="s">Politische Teilnahme</subfield>
            <subfield code="9">(DE-588)4076215-4</subfield>
          </datafield>
          <datafield tag="PSW" ind1="-" ind2="1">
            <subfield code="s">Arbeitnehmer</subfield>
            <subfield code="x">Mitbestimmung</subfield>
            <subfield code="9">(DE-588)4126014-4</subfield>
          </datafield>
          <datafield tag="PSW" ind1="-" ind2="1">
            <subfield code="s">Arbeitnehmermitbestimmung</subfield>
            <subfield code="9">(DE-588)4126014-4</subfield>
          </datafield>
          <datafield tag="PSW" ind1="-" ind2="1">
            <subfield code="s">Betrieb</subfield>
            <subfield code="x">Mitbestimmung</subfield>
            <subfield code="9">(DE-588)4126014-4</subfield>
          </datafield>
          <datafield tag="PSW" ind1="-" ind2="1">
            <subfield code="s">Betriebliche Mitbestimmung</subfield>
            <subfield code="9">(DE-588)4126014-4</subfield>
          </datafield>
          <datafield tag="PSW" ind1="-" ind2="1">
            <subfield code="s">Paritätische Mitbestimmung</subfield>
            <subfield code="9">(DE-588)4126014-4</subfield>
          </datafield>
          <datafield tag="PSW" ind1="-" ind2="1">
            <subfield code="s">Unternehmen</subfield>
            <subfield code="x">Mitbestimmung</subfield>
            <subfield code="9">(DE-588)4126014-4</subfield>
          </datafield>
          <datafield tag="PSW" ind1="-" ind2="1">
            <subfield code="s">Unternehmensmitbestimmung</subfield>
            <subfield code="9">(DE-588)4126014-4</subfield>
          </datafield>
          <datafield tag="PSW" ind1="-" ind2="1">
            <subfield code="s">Unternehmerische Mitbestimmung</subfield>
            <subfield code="9">(DE-588)4126014-4</subfield>
          </datafield>
          <datafield tag="PSW" ind1="-" ind2="1">
            <subfield code="s">Arbeitnehmer</subfield>
            <subfield code="x">Mitbestimmung</subfield>
            <subfield code="9">(DE-588)4126014-4</subfield>
          </datafield>
          <datafield tag="PSW" ind1="-" ind2="1">
            <subfield code="s">Arbeitnehmermitbestimmung</subfield>
            <subfield code="9">(DE-588)4126014-4</subfield>
          </datafield>
          <datafield tag="PSW" ind1="-" ind2="1">
            <subfield code="s">Betrieb</subfield>
            <subfield code="x">Mitbestimmung</subfield>
            <subfield code="9">(DE-588)4126014-4</subfield>
          </datafield>
          <datafield tag="PSW" ind1="-" ind2="1">
            <subfield code="s">Betriebliche Mitbestimmung</subfield>
            <subfield code="9">(DE-588)4126014-4</subfield>
          </datafield>
          <datafield tag="PSW" ind1="-" ind2="1">
            <subfield code="s">Paritätische Mitbestimmung</subfield>
            <subfield code="9">(DE-588)4126014-4</subfield>
          </datafield>
          <datafield tag="PSW" ind1="-" ind2="1">
            <subfield code="s">Unternehmen</subfield>
            <subfield code="x">Mitbestimmung</subfield>
            <subfield code="9">(DE-588)4126014-4</subfield>
          </datafield>
          <datafield tag="PSW" ind1="-" ind2="1">
            <subfield code="s">Unternehmensmitbestimmung</subfield>
            <subfield code="9">(DE-588)4126014-4</subfield>
          </datafield>
          <datafield tag="PSW" ind1="-" ind2="1">
            <subfield code="s">Unternehmerische Mitbestimmung</subfield>
            <subfield code="9">(DE-588)4126014-4</subfield>
          </datafield>
          <datafield tag="PSW" ind1="-" ind2="1">
            <subfield code="s">Volksherrschaft</subfield>
            <subfield code="9">(DE-588)4011413-2</subfield>
          </datafield>
          <datafield tag="PSW" ind1="-" ind2="1">
            <subfield code="s">Demokratischer Staat</subfield>
            <subfield code="9">(DE-588)4011413-2</subfield>
          </datafield>
          <datafield tag="PSW" ind1="-" ind2="1">
            <subfield code="s">Democracy</subfield>
            <subfield code="9">(DE-588)4011413-2</subfield>
          </datafield>
          <datafield tag="700" ind1=" " ind2=" ">
            <subfield code="a">OYU</subfield>
          </datafield>
          <datafield tag="OWN" ind1=" " ind2=" ">
            <subfield code="a">P0001</subfield>
          </datafield>
          <datafield tag="LOC" ind1=" " ind2=" ">
            <subfield code="m">BOOK</subfield>
            <subfield code="a">P0001</subfield>
            <subfield code="b">30</subfield>
            <subfield code="d">OYU2052</subfield>
            <subfield code="n">30</subfield>
            <subfield code="k">00000000</subfield>
            <subfield code="5">16761-10</subfield>
          </datafield>
        </record>
      </metadata>
    </record>
  </ListRecords>
</OAI-PMH>
